@Book{Livro1990,
	title={Título do Livro},
	author={Jorge, Maria Jos\'e},
	year={1990},
	edition = 2,
	publisher={Nome da Editora}
}

@Article{Artigo2008,
	title={Título do Artigo},
	author={Godin, Lucas},
	journal={Título do Periódico},
	volume={19},
	number={2},
	pages={17--23},
	year={2008},
	publisher={SciELO Brasil}
}

@PhdThesis{Tese2010,
	title={Titulo da Tese de Teste},
	author={TeseSobrenome, Maria José},
	year={2010},
	school={Universidade Tecnol\'ogica Federal do Paran\'a}
}

@MasterThesis{Dissertacao2012,
	title={Título da Dissertação},
	author={Disserta{\c{c}}{\~a}oSobrenome, José Maria},
	year={2012},
	school={Pontifícia Universidade Católica do Paraná},
	pages = {149},
	address = {Curitiba, PR},
	url = {http://pucpr.br/},
	urlaccessdate = {25 set. 2016}
}

@Inbook{Capitulo2008,
	author= {Sobrenome1, Maria and Sobrenome2, Lucia and Sobrenome3, Jorge Luiz},
	editor= {SobrenomeEditos, Nome},
	title={Titulo do Cap{\'{i}tulo},
	bookTitle={Título do Livro},
	year={2008},
	publisher={Nome da Editora},
	address={Berlin, Heidelberg},
	pages={518--527}
}

@InProceedings{ArtigoDeCongresso2017,
	title={Título do Artigo},
	author={Silva, Jose and Souza, Maria},
	year={2016},
	pages={531--538},
	booktitle = {Anais do Evento X},
	location = {São Paulo, SP},
	url = {http://portal.utfpr.edu.br/},
	publisher = {UTFPR}
} 

@InCollection{LivroDeColecao2003,
	title={Titulo Da Colecao},
	organization={Governo Federal},
	booktitle={Titulo do Livro},
	volume={2},
	year={2003},
	publisher={Editora}
}

@Misc{Higa2017,
	author = {Higa, Paulo},
	year = {2017},
	title = {Kindle Oasis (2017): o melhor e-reader cobra seu preço},
	url = {https://tecnoblog.net/228854/amazon-kindle-oasis-2017-review/},
	urlaccessdate = {04 dez. 2017}
}

@Misc{UTFPR2017,
	organization = {Universidade Tecnol\'ogica Federal do Paran\'a},
	year = {2017},
	url = {http://portal.utfpr.edu.br/noticias/reitoria/utfpr-e-usc-discutem-dupla-diplomacao-para-cursos-de-graduacao},
	urlaccessdate = {04 dez. 2017}
}

@Misc{Coxinha2017,
	author = {Google, Pai},
	year = {2017},
	url = {https://i.ytimg.com/vi/87G8VyQwwwE/hqdefault.jpg},
	urlaccessdate = {04 dez. 2017}
}

@Misc{VideoGame2017,
	author = {Google, Pai},
	year = {2017},
	url = {https://www.edx.org/sites/default/files/course/image/promoted/game104x_378x225.jpg},
	urlaccessdate = {04 dez. 2017}
}

@Misc{Sorvete2017,
	author = {Google, Pai},
	year = {2017},
	url = {https://www.saudedicas.com.br/wp-content/uploads/2015/10/sorvete-calorias-e-gorduras1-676x288.jpg},
	urlaccessdate = {04 dez. 2017}
}